@inproceedings{Moy2025Roulette,
  author    = {Moy, Cameron and Czenszak, Jack and Li, John M. and Marshall, Brianna and Holtzen, Steven},
  title     = {Roulette: A Language for Expressive, Exact, and Efficient Discrete Probabilistic Programming},
  booktitle = {PLDI},
  year      = {2025},
  doi       = {10.1145/3729334}
}

@article{Holtzen2020Dice,
  author  = {Holtzen, Steven and Van den Broeck, Guy and Millstein, Todd},
  title   = {Scaling Exact Inference for Discrete Probabilistic Programs},
  journal = {PACMPL},
  number  = {OOPSLA},
  year    = {2020},
  doi     = {10.1145/3428208}
}

@inproceedings{Saad2021SPPL,
  author    = {Saad, Feras A. and Rinard, Martin C. and Mansinghka, Vikash K.},
  title     = {SPPL: Probabilistic Programming with Fast Exact Symbolic Inference},
  booktitle = {PLDI},
  year      = {2021},
  doi       = {10.1145/3453483.3454078}
}

@inproceedings{DeRaedt2007ProbLog,
  author    = {De Raedt, Luc and Kimmig, Angelika and Toivonen, Hannu},
  title     = {ProbLog: A Probabilistic Prolog and Its Application in Link Discovery},
  booktitle = {IJCAI},
  year      = {2007}
}

@inproceedings{Goodman2008Church,
  author    = {Goodman, Noah D. and Mansinghka, Vikash K. and Roy, Daniel M. and Bonawitz, Keith and Tenenbaum, Joshua B.},
  title     = {Church: A Language for Generative Models},
  booktitle = {UAI},
  year      = {2008}
}

@article{Carpenter2017Stan,
  author  = {Carpenter, Bob and Gelman, Andrew and Hoffman, Matthew D. and Lee, Daniel and Goodrich, Ben and Betancourt, Michael and Brubaker, Marcus A. and Guo, Jiqiang and Li, Peter and Riddell, Allen},
  title   = {Stan: A Probabilistic Programming Language},
  journal = {J. Stat. Softw.},
  year    = {2017},
  doi     = {10.18637/jss.v076.i01}
}

@article{Salvatier2016PyMC3,
  author  = {Salvatier, John and Wiecki, Thomas V. and Fonnesbeck, Christopher},
  title   = {Probabilistic Programming in Python Using PyMC3},
  journal = {PeerJ CS},
  year    = {2016},
  doi     = {10.7717/peerj-cs.55}
}

@article{Bingham2019Pyro,
  author  = {Bingham, Eli and Chen, Jonathan P. and Jankowiak, Martin and Obermeyer, Fritz and Pradhan, Neeraj and Karaletsos, Theofanis and Singh, Rohit and Szerlip, Paul and Horsfall, Paul and Goodman, Noah D.},
  title   = {Pyro: Deep Universal Probabilistic Programming},
  journal = {JMLR},
  year    = {2019}
}

@inproceedings{Dillon2017TFP,
  author    = {Dillon, Joshua V. and Langmore, Ian and Tran, Dustin and Brevdo, Eugene and Vasudevan, Srinivas and Moore, Dave and Patton, Brian and Alemi, Alexander A. and Hoffman, Matthew D. and Saurous, Rif A.},
  title     = {TensorFlow Distributions},
  booktitle = {SysML},
  year      = {2017}
}

@article{Tran2016Edward,
  author  = {Tran, Dustin and Kucukelbir, Alp and Dieng, Adji B. and Rudolph, Maja and Liang, Dawen and Blei, David M.},
  title   = {Edward: A Library for Probabilistic Modeling, Inference, and Criticism},
  journal = {arXiv preprint arXiv:1610.09787},
  year    = {2016}
}

@inproceedings{Ge2018Turing,
  author    = {Ge, Hong and Xu, Kai and Ghahramani, Zoubin},
  title     = {Turing: A Language for Flexible Probabilistic Inference},
  booktitle = {AISTATS},
  year      = {2018}
}

@inproceedings{CusumanoTowner2019Gen,
  author    = {Cusumano-Towner, Marco F. and Saad, Feras A. and Lew, Alexander K. and Mansinghka, Vikash K.},
  title     = {Gen: A General-Purpose Probabilistic Programming System with Programmable Inference},
  booktitle = {PLDI},
  year      = {2019},
  doi       = {10.1145/3314221.3314642}
}

@inproceedings{Tehrani2020BeanMachine,
  author    = {Tehrani, Nazanin and Arora, Nimar S. and Li, Yucen Lily and Shah, Kinjal D. and Noursi, David and Tingley, Michael and Torabi, Narjes and Lippert, Eric and Meijer, Erik},
  title     = {Bean Machine: A Declarative Probabilistic Programming Language for Efficient Programmable Inference},
  booktitle = {PGM},
  year      = {2020}
}

@article{Tolpin2016Anglican,
  author  = {Tolpin, David and van de Meent, Jan-Willem and Yang, Hongseok and Wood, Frank},
  title   = {Design and Implementation of Probabilistic Programming Language Anglican},
  journal = {CoRR},
  volume  = {abs/1608.05263},
  year    = {2016},
  url     = {http://arxiv.org/abs/1608.05263}
}

@InProceedings{Holtzen2018Abstraction,
  title = {Sound Abstraction and Decomposition of Probabilistic Programs},
  author = {Holtzen, Steven and Van den Broeck, Guy and Millstein, Todd},
  booktitle = {Proceedings of the 35th International Conference on Machine Learning},
  pages = {1999--2008},
  year = {2018},
  editor = {Dy, Jennifer and Krause, Andreas},
  volume = {80},
  series = {Proceedings of Machine Learning Research},
  month = {10--15 Jul},
  publisher = {PMLR},
  pdf = {http://proceedings.mlr.press/v80/holtzen18a/holtzen18a.pdf},
  url = {https://proceedings.mlr.press/v80/holtzen18a.html},
}

@misc{Goodman2014WebPPL,
  author = {Goodman, Noah D. and Stuhlm√ºller, Andreas},
  title  = {The Design and Implementation of Probabilistic Programming Languages},
  year   = {2014},
  note   = {Online textbook demonstrating WebPPL},
  url    = {http://dippl.org}
}

@inproceedings{Pfeffer2009Figaro,
  author    = {Pfeffer, Avi},
  title     = {Figaro: An Object-Oriented Probabilistic Programming Language},
  booktitle = {CRA Tech Report},
  year      = {2009}
}

@misc{Minka2018InferNET,
  author = {Minka, Tom and Winn, John M. and Guiver, John and Zaykov, Yordan and Fabian, David and Bronskill, Jim},
  title  = {Infer.NET 0.3},
  year   = {2018},
  note   = {Microsoft Research Cambridge. \url{http://dotnet.github.io/infer}}
}